@misc{ujhelyi_harmath_david_nagy_hegedus_2019,
 title={VIATRA/DeveloperDocumentation/DevEnvironment},
 url={https://wiki.eclipse.org/VIATRA/DeveloperDocumentation/DevEnvironment},
 journal={VIATRA/DeveloperDocumentation/DevEnvironment - Eclipsepedia},
 author={Zoltan Ujhelyi, Dénes Harmath, Istvan David, Andras Szabolcs Nagy, Abel Hegedus},
 year={2019},
 month={May}
}

@misc{xtext,
 title={Xtext - Language Engineering Made Easy!},
 url={https://www.eclipse.org/Xtext/},
 author={The Xtext Developers}
}

@misc{xtend,
 title={Xtend - Modernized Java},
 url={https://www.eclipse.org/xtend/},
 author={The Xtend Developers}
}

@misc{xtext-fine-grained-caching,
 title={Eclipse Community Forums: TMF (Xtext) » Fine-grained control of caching in Xtext},
 url={https://www.eclipse.org/forums/index.php/t/1100186/},
 author={Steffen Zschaler, Christian Dietrich}
}
